% -------------------------------------------------------------------------------------
% Matemática Discreta
% -------------------------------------------------------------------------------------
@Book{carmo2013,
  title     		= {{Elementos de Matemática Discreta}},
  publisher 		= {College Publications},
  year      		= {2013},
  author    		= {Carmo, José and Gouveia, Paula and Dionísio, Francisco Miguel},
}

@book{fmcbook,
	author				= {Thanos Tsouanas},
	title					= {Matemática Fundacional para Computação},
	year					= {2017--2021},
	note					= {Work in progress},
	publisher			= {\url{http://www.tsouanas.org/fmcbook}},
	address				= {Universidade Federal do Rio Grande do Norte}
}

@Book{lipschutz2013-MD,
  title     		= {{Matemática Discreta}},
  publisher 		= {Bookman Editora},
  year      		= {2013},
  author    		= {Lipschutz, Seymour and Lipson, Marc},
  note      		= {Coleção Schaum},
}

@book{barreto,
	author				= {J. M. Barreto and M. Roiseberg and M. A. F. Almeida and K. Callozos},
	title					= {Fundamentos de Matemática Aplicada à Informática},
	year					= {????--2021},
	note					= {Work in progress},
	publisher			= {\url{http://www.inf.ufsc.br/~mauro.roisenberg/ine5381/leituras/apostila.pdf}},
	address				= {Universidade Federal de Santa Catarina}
}

@book{epp1990,
  title					= {Discrete mathematics with applications},
  author				= {Epp, Susanna S},
  year					= {1990},
  publisher			= {Wadsworth Publ. Co.}
}

% -------------------------------------------------------------------------------------
% Teoria dos conjuntos
% -------------------------------------------------------------------------------------
@Book{lipschutz1978-TC,
  title     		= {{Teoria dos Conjuntos}},
  publisher 		= {McGraw-Hill do Brasil - LTDA/MEC},
  year      		= {1978},
  author    		= {Lipschutz, Seymour},
}

@Book{halmos2001,
  title     		= {{Teoria ingênua dos conjuntos}},
  publisher 		= {Editora Ciência Moderna},
  year     			= {2001},
  author    		= {Halmos, Paul R},
}

@Book{abe1991-TC,
  title     		= {{Teoria Intuitiva dos Conjuntos}},
  publisher 		= {MAKRON \textit{Books}},
  year      		= {1991},
  author    		= {Abe, Jair Minoro and Papavero, Nelson},
}

% -------------------------------------------------------------------------------------
% Teoria dos tipos
% -------------------------------------------------------------------------------------
@book{nederpelt2014,
	title					= {Type theory and formal proof: an introduction},
	author				= {Nederpelt, Rob and Geuvers, Herman},
	year					= {2014},
	publisher			= {Cambridge University Press}
}

% -------------------------------------------------------------------------------------
% Lógica
% -------------------------------------------------------------------------------------
@Book{joaoPavao2014,
  title     		= {{Lógica e Raciocínio}},
  publisher 		= {College Publications},
  year      		= {2014},
  author    		= {Martins, João Paiva},
}

% -------------------------------------------------------------------------------------
% Topologia
% -------------------------------------------------------------------------------------
@Book{lipschutz1971-Topo,
	title     		= {{Topologia Geral}},
	publisher 		= {{McGRAW-HILL Do Brasil, LTDA/MEC}},
	year      		= {1971},
	author    		= {Lipschutz, Seymour},
	note      		= {Coleção Schaum},
}

% -------------------------------------------------------------------------------------
% Computabilidade
% -------------------------------------------------------------------------------------
@Book{linz2006,
  title     		= {{An Introduction to Formal Languages and Automata}},
  publisher 		= {Jones \& Bartlett Learning},
  year      		= {2006},
  author    		= {Linz, Peter},
  address   		= {New York},
}

@Book{benjaLivro2010,
  title     		= {{Introdução à Teoria da Computação: Linguagens Formais, Autômatos e Computabilidade}},
  publisher 		= {Editora UnP},
  year      		= {2010},
  author    		= {Bedregal, Benjamín and Acióly, B M and Lyra, A},
  address   		= {Natal},
}

@book{hopcroft2008,
	title					= {{Introduction to Automata Theory, Languages and Computation}},
	author				= {Hopcroft, John E and Motwani, Rajeev and Ullman, Jeffrey D.},
	edition 			= {3ª},
	publisher			= {Pearson Education India},
	year					= {2008},
	Address  			= {USA}
}

% -------------------------------------------------------------------------------------
% Inteligência Aritifical e Aprendizado de Máquina
% -------------------------------------------------------------------------------------
@book{celebi2014,
  title					= {Partitional clustering algorithms},
  author				= {Celebi, M Emre},
  year					= {2014},
  publisher			= {Springer}
}

% -------------------------------------------------------------------------------------
% Estrutura de dados e complexidade
% -------------------------------------------------------------------------------------
@Book{jaime1994,
  title     		= {{Estruturas de Dados e seus Algoritmos}},
  publisher 		= {Livros Tecnicos e Cientificos},
  year      		= {1994},
  author    		= {Szwarcfiter, Jayme Luiz and Markenzon, Lilian},
  volume    		= {2},
}

% -------------------------------------------------------------------------------------
% Linguagens (em sentido genérico) e Compiladores
% -------------------------------------------------------------------------------------
@Book{aho2007,
  title     		= {{Compiladores: Princípios, Técnicas e ferramentas}},
  publisher 		= {Editora Pearson},
  year      		= {2007},
  author    		= {AHO, Alfred V and LAM, Monica S and SETHI, Ravi and ULLMAN, Jeffrey D},
  edition   		= {2},
}

@Book{cooper2017,
  title     		= {{Construindo Compiladores}},
  publisher 		= {Elsevier Brasil},
  year      		= {2017},
  author    		= {Cooper, Keith and Torczon, Linda},
  volume    		= {1},
}


