% -------------------------------------------------------------------------------------
% Teoria dos conjuntos
% -------------------------------------------------------------------------------------
@Article{cantor1895,
	author    		= {Cantor, Georg},
	title     		= {{Beiträge zur Begründung der Transfiniten Mengenlehre}},
	journal   		= {Mathematische Annalen},
	year      		= {1895},
	volume    		= {46},
	number    		= {4},
	pages     		= {481--512},
	publisher 		= {Springer},
}

% -------------------------------------------------------------------------------------
% Inteligência Aritifical e Aprendizado de Máquina
% -------------------------------------------------------------------------------------
@article{lingras1998data,
	title					= {{Data mining using extensions of the rough set model}},
	author				= {Lingras, PJ and Yao, YY},
	journal				= {Journal of the American society for information science},
	volume				= {49},
	number				= {5},
	pages					= {415--422},
	year					= {1998},
	publisher			= {Wiley Online Library}
}

@article{li2007equivalent,
	title					= {Equivalent relations between interchannel coupling and antenna polarization coupling in polarization diversity systems},
	author				= {Li, Xin and Huang, Xiujiang and Nie, Zaiping and Zhang, Yimin},
	journal				= {IEEE transactions on antennas and propagation},
	volume				= {55},
	number				= {6},
	pages					= {1709--1715},
	year					= {2007},
	publisher			= {IEEE}
}

@article{acharya2003classification,
	title					= {Classification of heart rate data using artificial neural network and fuzzy equivalence relation},
	author				= {Acharya, U Rajendra and Bhat, P Subbanna and Iyengar, S Sitharama and Rao, Ashok and Dua, Sumeet},
	journal				= {Pattern recognition},
	volume				= {36},
	number				= {1},
	pages					= {61--68},
	year					= {2003},
	publisher			= {Elsevier}
}

@article{myasnikov2018description,
	title					= {Description of images using a configuration equivalence relation},
	author				= {Myasnikov, Vladislav Valerievich},
	journal				= {Computer Optics},
	volume				= {42},
	number				= {6},
	pages					= {998--1007},
	year					= {2018},
	publisher			= {Image Processing Systems Institute of the Russian Academy of Sciences}
}

% -------------------------------------------------------------------------------------
% Processamento Digital de Imagens e Sinais
% -------------------------------------------------------------------------------------
@article{cressie1998image,
	title					= {Image analysis with partially ordered Markov models},
	author				= {Cressie, Noel and Davidson, Jennifer L},
	journal				= {Computational statistics \& data analysis},
	volume				= {29},
	number				= {1},
	pages					= {1--26},
	year					= {1998},
	publisher			= {Elsevier}
}

% -------------------------------------------------------------------------------------
% Linguagens (em sentido genérico) e Compiladores
% -------------------------------------------------------------------------------------
@article{landin1964,
  title					= {The mechanical evaluation of expressions},
  author				= {Landin, Peter J},
  journal				= {The computer journal},
  volume				= {6},
  number				= {4},
  pages					= {308--320},
  year					= {1964},
  publisher			= {The British Computer Society}
}

@article{landin1965-1,
  title					= {Correspondence between ALGOL 60 and Church's Lambda-notation: part I},
  author				= {Landin, Peter J},
  journal				= {Communications of the ACM},
  volume				= {8},
  number				= {2},
  pages					= {89--101},
  year					= {1965},
  publisher			= {ACM New York, NY, USA}
}

@article{landin1965-2,
  title					= {A correspondence between ALGOL 60 and Church's Lambda-notations: Part II},
  author				= {Landin, Peter J},
  journal				= {Communications of the ACM},
  volume				= {8},
  number				= {3},
  pages					= {158--167},
  year					= {1965},
  publisher			= {ACM New York, NY, USA}
}

% -------------------------------------------------------------------------------------
% Teoria dos tipos
% -------------------------------------------------------------------------------------
@article{sergey2014,
	title					= {Programs and Proofs: Mechanizing Mathematics with Dependent Types},
	author				= {Sergey, Ilya},
	journal				= {Lecture notes with exercises. Available at},
	year					= {2014}
}

% -------------------------------------------------------------------------------------
% Criptografia
% -------------------------------------------------------------------------------------
@article{giri2008crypto,
	title					= {A Cryptographic Key Assignment Scheme for Access Control in Poset Ordered Hierarchies with Enhanced Security.},
	author				= {Giri, Debasis and Srivastava, PD},
	journal				= {Int. J. Netw. Secur.},
	volume				= {7},
	number				= {2},
	pages					= {223--234},
	year					= {2008}
}

% -------------------------------------------------------------------------------------
% Otimização
% -------------------------------------------------------------------------------------
@article{karaman2018partial,
	title					= {Partial order relations on family of sets and scalarizations for set optimization},
	author				= {Karaman, Emrah and Soyertem, Mustafa and Atasever G{\"u}ven{\c{c}}, {\.I}lknur and Tozkan, Didem and K{\"u}{\c{c}}{\"u}k, Mahide and K{\"u}{\c{c}}{\"u}k, Yal{\c{c}}{\i}n},
	journal				= {Positivity},
	volume				= {22},
	number				= {3},
	pages					= {783--802},
	year					= {2018},
	publisher			= {Springer}
}