% -------------------------------------------------------------------------------------
% Inteligência Aritifical e Aprendizado de Máquina
% -------------------------------------------------------------------------------------
@inproceedings{fern2004,
  title					= {Solving cluster ensemble problems by bipartite graph partitioning},
  author				= {Fern, Xiaoli Zhang and Brodley, Carla E},
  booktitle			= {Proceedings of the twenty-first international conference on Machine learning},
  pages					= {36},
  year					= {2004}
}

@inproceedings{lin1999data,
	title					= {{Data mining: Granular computing approach}},
	author				= {Lin, Tsau Young},
	booktitle			= {Pacific-Asia Conference on Knowledge Discovery and Data Mining},
	pages					= {24--33},
	year					= {1999},
	organization	= {Springer}
}

@inproceedings{bar2003learning,
	title					= {Learning distance functions using equivalence relations},
	author				= {Bar-Hillel, Aharon and Hertz, Tomer and Shental, Noam and Weinshall, Daphna},
	booktitle			= {Proceedings of the 20th international conference on machine learning (ICML-03)},
	pages					= {11--18},
	year					= {2003}
}

% -------------------------------------------------------------------------------------
% Processamento Digital de Imagens e Sinais
% -------------------------------------------------------------------------------------
@inproceedings{farias2016image,
	title					= {The image reduction process based on generalized mixture functions},
	author				= {Farias, Antonio Diego S and Costa, Valdigleis S and Santiago, Regivan HN and Bedregal, Benjam{\'\i}n},
	booktitle			= {2016 Annual Conference of the North American Fuzzy Information Processing Society (NAFIPS)},
	pages					= {1--6},
	year					= {2016},
	organization	= {IEEE}
}

% -------------------------------------------------------------------------------------
% Álgebra Universal
% -------------------------------------------------------------------------------------
@inproceedings{riche2005,
  title={From universal algebra to universal logic},
  author={Riche, Jacques},
  booktitle={First International Congress on Universal Logic, Date: 2005/03/31-2005/04/03, Location: Montreux, Zwitserland},
  year={2005}
}