% -------------------------------------------------------------------------------------
% TCC, Teses e Dissertações
% -------------------------------------------------------------------------------------
@MastersThesis{valdi2016master,
	Title         = {{Linguagens Lineares Fuzzy}},
	Author        = {Valdigleis S Costa},
	School        = {{Programa de Pós-graduação em Sistemas e Computação, Universidade Federal do Rio Grande do Norte, UFRN}},
	Address       = {Natal, RN},
	Year          = {2016}
}

@PhdThesis{valdi2020phd,
	title					= {{Autômatos Fuzzy Hesitantes Típicos: Teoria e Aplicações}},
	author				= {Valdigleis S Costa},
	School				= {{Programa de Pós-graduação em Sistemas e Computação, Universidade Federal do Rio Grande do Norte, UFRN}},
	Address 			= {Natal, RN},
	year					= {2020}
}

@PhdThesis{claudio2016,
	title					= {{A Topological and domain theoretical study of total computable functions}},
	author				= {Claudio Andrés Callejas Olguím},
	School				= {{Programa de Pós-graduação em Sistemas e Computação, Universidade Federal do Rio Grande do Norte, UFRN}},
	Address 			= {Natal, RN},
	year					= {2016}
}