% -------------------------------------------------------------------------------------
% Matemática Discreta
% -------------------------------------------------------------------------------------
@unpublished{barreto,
	author				= {J. M. Barreto and M. Roiseberg and M. A. F. Almeida and K. Callozos},
	title					= {Fundamentos de Matemática Aplicada à Informática},
	year					= {????--2021},
	note					= {Disponível em \url{http://www.inf.ufsc.br/~mauro.roisenberg/ine5381/leituras/apostila.pdf}}
}

@unpublished{levin2021,
	title					= {Discrete mathematics: An open introduction},
	author				= {Levin, Oscar},
	year					= {2021},
	note					= {Digital book: \url{https://discrete.openmathbooks.org/dmoi3.html}}
}

% -------------------------------------------------------------------------------------
% Linguagens programação
% -------------------------------------------------------------------------------------
@Unpublished{ibmFC,
	author 				= {Copyright IBM Corporation},
	title 				= {{Compatible functions (C only)}},
	note 					= {Acessado em 17 de Julho de 2023 na página \url{https://www.ibm.com/docs/en/zos/2.4.0?topic=definitions-compatible-functions-c-only}},
	year 					= {2021}
}